@book{murty2007problems,
  title={Problems in analytic number theory},
  author={Murty, R},
  year={2007},
  publisher={Springer Science \& Business Media}
}